@inproceedings{yamada2019modeling,
  title     = {Modeling Drone Pointing Movement with Fitts' Law},
  author    = {Yamada, Kaito and Usuba, Hiroki and Miyahita, Homei},
  booktitle = {Extended Abstracts of the 2019 CHI Conference on Human Factors in Computing Systems},
  pages     = {1--6},
  year      = {2019}
}
@article{lee2023wearable,
  title     = {Wearable Drone Controller: Machine Learning-Based Hand Gesture Recognition and Vibrotactile Feedback},
  author    = {Lee, Ji-Won and Yu, Kee-Ho},
  journal   = {Sensors},
  volume    = {23},
  number    = {5},
  pages     = {2666},
  year      = {2023},
  publisher = {MDPI}
}
@article{tezza2019state,
  title     = {The state-of-the-art of human--drone interaction: A survey},
  author    = {Tezza, Dante and Andujar, Marvin},
  journal   = {ieee access},
  volume    = {7},
  pages     = {167438--167454},
  year      = {2019},
  publisher = {IEEE}
}

@article{pirlet2022master,
  title     = {Master thesis: Drone control through a vocal interface},
  author    = {Pirlet, Matthias and others},
  year      = {2022},
  publisher = {Universit{\'e} de Li{\`e}ge, Li{\`e}ge, Belgique}
}
@inproceedings{safie2024unmanned,
  title        = {Unmanned Aerial Vehicle (UAV) Control Through Speech Recognition},
  author       = {Safie, Sairul Izwan and Yunus, Nur Aini Maisarah Mohd},
  booktitle    = {2024 IEEE 10th International Conference on Smart Instrumentation, Measurement and Applications (ICSIMA)},
  pages        = {191--195},
  year         = {2024},
  organization = {IEEE}
}
@inproceedings{mughees2020gesture,
  title        = {Gesture controlled hexacopter using MEMS technology},
  author       = {Mughees, Abdullah and Hassan, Syed Zulqadar and Yaseen, Mobeen and Mughees, Neelam and Mughees, Anam and Abbas, Ali and Kamal, Tariq and Iqbal, Zain and Khan, Muhammad Abbas},
  booktitle    = {2020 International Conference on Emerging Trends in Smart Technologies (ICETST)},
  pages        = {1--5},
  year         = {2020},
  organization = {IEEE}
}
@inproceedings{nguyen2024pose,
  title        = {Pose Estimation and Its Impact on Quadcopter Control: An Experimental Study},
  author       = {Nguyen, Minh-Quan and Tran, Van-Ho and Vo, Minh-Tai and Le, My-Ha},
  booktitle    = {2024 9th International Conference on Applying New Technology in Green Buildings (ATiGB)},
  pages        = {1--6},
  year         = {2024},
  organization = {IEEE}
}
@article{kim2022intuitive,
  title   = {Intuitive Drone Control using Motion Matching between a Controller and a Drone},
  author  = {Kim, Huhn and Chang, Wonjoo},
  journal = {Archives of Design Research},
  volume  = {35},
  number  = {1},
  pages   = {93--112},
  year    = {2022}
}
@inproceedings{budiyanto2021navigation,
  title        = {Navigation control of drone using hand gesture based on complementary filter algorithm},
  author       = {Budiyanto, A and Ramadhan, MI and Burhanudin, I and Triharminto, HH and Santoso, B},
  booktitle    = {Journal of Physics: Conference Series},
  volume       = {1912},
  number       = {1},
  pages        = {012034},
  year         = {2021},
  organization = {IOP Publishing}
}
@article{muezzinouglu2021intelligent,
  title     = {An intelligent human--unmanned aerial vehicle interaction approach in real time based on machine learning using wearable gloves},
  author    = {M{\"u}ezzino{\u{g}}lu, Taha and Karak{\"o}se, Mehmet},
  journal   = {Sensors},
  volume    = {21},
  number    = {5},
  pages     = {1766},
  year      = {2021},
  publisher = {MDPI}
}
@article{yoo2022motion,
  title     = {Motion estimation and hand gesture recognition-based human--UAV interaction approach in real time},
  author    = {Yoo, Minjeong and Na, Yuseung and Song, Hamin and Kim, Gamin and Yun, Junseong and Kim, Sangho and Moon, Changjoo and Jo, Kichun},
  journal   = {Sensors},
  volume    = {22},
  number    = {7},
  pages     = {2513},
  year      = {2022},
  publisher = {MDPI}
}
@inproceedings{kim2020comparative,
  title        = {Comparative analysis of controlling drone},
  author       = {Kim, Hajun and Lim, Seungchan and Lee, Wonsup},
  booktitle    = {Advances in Usability and User Experience: Proceedings of the AHFE 2019 International Conferences on Usability \& User Experience, and Human Factors and Assistive Technology, July 24-28, 2019, Washington DC, USA 10},
  pages        = {151--159},
  year         = {2020},
  organization = {Springer}
}
@phdthesis{abioye2023multimodal,
  title  = {Multimodal speech and visual gesture control interface technique for small unmanned multirotor aircraft},
  author = {Abioye, Ayodeji},
  year   = {2023},
  school = {University of Southampton}
}
@inproceedings{menshchikov2019data,
  title        = {Data-driven body-machine interface for drone intuitive control through voice and gestures},
  author       = {Menshchikov, Alexander and Ermilov, Dmitry and Dranitsky, I and Kupchenko, L and Panov, Maxim and Fedorov, M and Somov, Andrey},
  booktitle    = {IECON 2019-45th Annual Conference of the IEEE Industrial Electronics Society},
  volume       = {1},
  pages        = {5602--5609},
  year         = {2019},
  organization = {IEEE}
}
@inproceedings{jeong2020towards,
  title        = {Towards brain-computer interfaces for drone swarm control},
  author       = {Jeong, Ji-Hoon and Lee, Dae-Hyeok and Ahn, Hyung-Ju and Lee, Seong-Whan},
  booktitle    = {2020 8th International Winter Conference on Brain-Computer Interface (BCI)},
  pages        = {1--4},
  year         = {2020},
  organization = {IEEE}
}
@article{kim2021p300,
  title     = {P300 brain--computer interface-based drone control in virtual and augmented reality},
  author    = {Kim, Soram and Lee, Seungyun and Kang, Hyunsuk and Kim, Sion and Ahn, Minkyu},
  journal   = {Sensors},
  volume    = {21},
  number    = {17},
  pages     = {5765},
  year      = {2021},
  publisher = {MDPI}
}
@article{di2022natural,
  title     = {A Natural Human-Drone Embodied Interface: Empirical Comparison With a Traditional Interface},
  author    = {Di Vincenzo, Marina and Palini, Francesco and De Marsico, Maria and Borghi, Anna M and Baldassarre, Gianluca},
  journal   = {Frontiers in Neurorobotics},
  volume    = {16},
  pages     = {898859},
  year      = {2022},
  publisher = {Frontiers Media SA}
}
@article{zheng2022surface,
  title     = {Surface electromyography as a natural human--machine interface: a review},
  author    = {Zheng, Mingde and Crouch, Michael S and Eggleston, Michael S},
  journal   = {IEEE Sensors Journal},
  volume    = {22},
  number    = {10},
  pages     = {9198--9214},
  year      = {2022},
  publisher = {IEEE}
}
@article{yau2020subtle,
  title     = {How subtle can it get? a trimodal study of ring-sized interfaces for one-handed drone control},
  author    = {Yau, Yui-Pan and Lee, Lik Hang and Li, Zheng and Braud, Tristan and Ho, Yi-Hsuan and Hui, Pan},
  journal   = {Proceedings of the ACM on Interactive, Mobile, Wearable and Ubiquitous Technologies},
  volume    = {4},
  number    = {2},
  pages     = {1--29},
  year      = {2020},
  publisher = {ACM New York, NY, USA}
}
@inproceedings{buttner2020one,
  title        = {One-Hand Controller for Human-Drone Interaction--a Human-Centered Prototype Development},
  author       = {B{\"u}ttner, Sebastian and Zaitoon, Rami and Heinz, Mario and R{\"o}cker, Carsten},
  booktitle    = {Human-Computer Interaction. Multimodal and Natural Interaction: Thematic Area, HCI 2020, Held as Part of the 22nd International Conference, HCII 2020, Copenhagen, Denmark, July 19--24, 2020, Proceedings, Part II 22},
  pages        = {535--548},
  year         = {2020},
  organization = {Springer}
}
@inproceedings{bello2023captainglove,
  title     = {CaptAinGlove: Capacitive and inertial fusion-based glove for real-time on edge hand gesture recognition for drone control},
  author    = {Bello, Hymalai and Suh, Sungho and Gei{\ss}ler, Daniel and Ray, Lala Shakti Swarup and Zhou, Bo and Lukowicz, Paul},
  booktitle = {Adjunct Proceedings of the 2023 ACM International Joint Conference on Pervasive and Ubiquitous Computing \& the 2023 ACM International Symposium on Wearable Computing},
  pages     = {165--169},
  year      = {2023}
}
@article{patrona2021overview,
  title     = {An overview of hand gesture languages for autonomous UAV handling},
  author    = {Patrona, Fotini and Mademlis, Ioannis and Pitas, Ioannis},
  journal   = {2021 Aerial Robotic Systems Physically Interacting with the Environment (AIRPHARO)},
  pages     = {1--7},
  year      = {2021},
  publisher = {IEEE}
}
@inproceedings{ng2011collocated,
  title        = {Collocated interaction with flying robots},
  author       = {Ng, Wai Shan and Sharlin, Ehud},
  booktitle    = {2011 ro-man},
  pages        = {143--149},
  year         = {2011},
  organization = {IEEE}
}
@article{funk2018human,
  title     = {Human-drone interaction: Let's get ready for flying user interfaces!},
  author    = {Funk, Markus},
  journal   = {Interactions},
  volume    = {25},
  number    = {3},
  pages     = {78--81},
  year      = {2018},
  publisher = {ACM New York, NY, USA}
}
@inproceedings{cherpillod2019embodied,
  title        = {Embodied flight with a drone},
  author       = {Cherpillod, Alexandre and Floreano, Dario and Mintchev, Stefano},
  booktitle    = {2019 Third IEEE International Conference on Robotic Computing (IRC)},
  pages        = {386--390},
  year         = {2019},
  organization = {IEEE}
}
@article{you2024gesture,
  author  = {Changxin You and Jing Han and Fan Fang and others},
  title   = {A review of wearable gesture recognition for unmanned aerial vehicles},
  journal = {Journal of North University of China (Natural Science Edition)},
  year    = {2024},
  volume  = {45},
  number  = {2},
  pages   = {146--157},
  url     = {https://www.aeeisp.com/zbdxxb/cn/article/pdf/preview/9da9898e-cf6c-4d94-ba61-416e9f563113.pdf}
}
@book{motti2020wearable,
  title     = {Wearable interaction},
  author    = {Motti, Vivian Genaro and Motti, Vivian Genaro},
  year      = {2020},
  publisher = {Springer}
}
@inproceedings{stoica2014remote,
  title     = {Remote control of quadrotor teams, using hand gestures},
  author    = {Stoica, Adrian and Salvioli, Federico and Flowers, Caitlin},
  booktitle = {Proceedings of the 2014 ACM/IEEE international conference on Human-robot interaction},
  pages     = {296--297},
  year      = {2014}
}
@inproceedings{li2014human,
  title        = {Human-computer interaction system design based on surface EMG signals},
  author       = {Li, Han and Chen, Xi and Li, Pengfei},
  booktitle    = {Proceedings of 2014 International Conference on Modelling, Identification \& Control},
  pages        = {94--98},
  year         = {2014},
  organization = {IEEE}
}
@inproceedings{sivenas2022using,
  title        = {Using First-Person View Drones through Head-Mounted Displays: Are They Suitable for Education?},
  author       = {Sivenas, Tryfon and Koutromanos, George and Mikropoulos, Tassos A},
  booktitle    = {2022 8th International Conference of the Immersive Learning Research Network (iLRN)},
  pages        = {1--7},
  year         = {2022},
  organization = {IEEE}
}
@inproceedings{ryu2023sickness,
  title     = {Sickness Reduction in FPV Drone Control: Improved Effects of Reverse Optical Flow with Static Landmarks Only},
  author    = {Ryu, Jun and Park, Seunghoon and Kim, Gerard Jounghyun},
  booktitle = {Proceedings of the 29th ACM Symposium on Virtual Reality Software and Technology},
  pages     = {1--2},
  year      = {2023}
}
@inproceedings{gokul2024optimizing,
  title        = {Optimizing firefighting performance with FPV drones},
  author       = {Gokul, Sagar P and Sayooj, MJ and Yunus, AA and Suresh, Anandu and Vinoj, PG},
  booktitle    = {AIP Conference Proceedings},
  volume       = {3134},
  number       = {1},
  year         = {2024},
  organization = {AIP Publishing}
}
@article{rognon2018flyjacket,
  title     = {Flyjacket: An upper body soft exoskeleton for immersive drone control},
  author    = {Rognon, Carine and Mintchev, Stefano and Dell'Agnola, Fabio and Cherpillod, Alexandre and Atienza, David and Floreano, Dario},
  journal   = {IEEE Robotics and Automation Letters},
  volume    = {3},
  number    = {3},
  pages     = {2362--2369},
  year      = {2018},
  publisher = {IEEE}
}
@article{hashemian2020headjoystick,
  title     = {HeadJoystick: Improving flying in VR using a novel leaning-based interface},
  author    = {Hashemian, Abraham M and Lotfaliei, Matin and Adhikari, Ashu and Kruijff, Ernst and Riecke, Bernhard E},
  journal   = {IEEE Transactions on Visualization and Computer Graphics},
  volume    = {28},
  number    = {4},
  pages     = {1792--1809},
  year      = {2020},
  publisher = {IEEE}
}
@inproceedings{shin2019hand,
  title        = {Hand gesture-based wearable human-drone interface for intuitive movement control},
  author       = {Shin, Sang-Yun and Kang, Yong-Won and Kim, Yong-Guk},
  booktitle    = {2019 IEEE International Conference on Consumer Electronics (ICCE)},
  pages        = {1--6},
  year         = {2019},
  organization = {IEEE}
}
@article{sibarani2021usability,
  title   = {Usability and user satisfaction rate evaluation on e-learning application from student's perspective using Nielsen usability method},
  author  = {Sibarani, Alexander JP},
  journal = {Jurnal Infotel},
  volume  = {13},
  number  = {3},
  pages   = {120--127},
  year    = {2021}
}
@inproceedings{mughees2020gesture,
  title        = {Gesture controlled hexacopter using MEMS technology},
  author       = {Mughees, Abdullah and Hassan, Syed Zulqadar and Yaseen, Mobeen and Mughees, Neelam and Mughees, Anam and Abbas, Ali and Kamal, Tariq and Iqbal, Zain and Khan, Muhammad Abbas},
  booktitle    = {2020 international conference on emerging trends in smart technologies (ICETST)},
  pages        = {1--5},
  year         = {2020},
  organization = {IEEE}
}
@inproceedings{safie2024unmanned,
  title        = {Unmanned Aerial Vehicle (UAV) Control Through Speech Recognition},
  author       = {Safie, Sairul Izwan and Yunus, Nur Aini Maisarah Mohd},
  booktitle    = {2024 IEEE 10th International Conference on Smart Instrumentation, Measurement and Applications (ICSIMA)},
  pages        = {191--195},
  year         = {2024},
  organization = {IEEE}
}
@article{张伟锋2017,
  title   = {基于体感控制器的无人机飞行控制},
  author  = {张伟锋 and 刘进海 and 叶宾},
  journal = {电子技术},
  year    = {2017}
}
@phdthesis{蔡成林0基于视觉,
  title  = {基于视觉的无人机人体姿态指令识别系统的设计与实现},
  author = {蔡成林},
  school = {国防科学技术大学}
}
 @mastersthesis{赫闻阳2020基于视觉,
  author = {赫闻阳},
  title  = {基于视觉的八旋翼无人机交互系统研究},
  school = {南昌航空大学},
  year   = {2020},
  type   = {硕士论文},
  month  = {}
}
 @mastersthesis{何磊2022基于深度学习,
  author = {何磊},
  title  = {基于深度学习的无人机手势航拍控制},
  school = {西安工业大学},
  year   = {2022},
  type   = {硕士论文},
  month  = {}
}
 @mastersthesis{黑振全2022基于手势,
  author = {黑振全},
  title  = {基于手势识别的四旋翼控制系统研究},
  school = {山东大学},
  year   = {2022},
  type   = {硕士论文},
  month  = {}
}
 @article{于昌立2022基于数据手套,
  author       = {于昌立 and 范书瑞 and 刘洋},
  title        = {基于数据手套的无人机端侧控制系统设计},
  organization = {河北工业大学},
  journal      = {电子测量技术},
  year         = {2022},
  volume       = {45},
  number       = {12},
  pages        = {40-47},
  month        = {6}
}
 @article{陶烨豪2024基于数据手套,
  author       = {陶烨豪 and 方建波 and 尚杰},
  title        = {基于数据手套的手势识别及无人机控制系统},
  organization = {宁波大学 and 中国科学院宁波材料技术与工程研究所},
  journal      = {无线通信技术},
  year         = {2024},
  volume       = {33},
  number       = {1},
  pages        = {42-46},
  month        = {2}
}
 @article{夏渊湛2022基于STM32的语音,
  author       = {夏渊湛 and 张林成 and 陈佳俊 and 李稳国},
  title        = {基于STM32的语音控制四轴飞行器设计},
  organization = {湖南城市学院},
  journal      = {信息与电脑},
  year         = {2022},
  volume       = {34},
  number       = {10},
  pages        = {180-182},
  month        = {5}
}
@article{kyrkou2019drones,
  title     = {Drones: Augmenting our quality of life},
  author    = {Kyrkou, Christos and Timotheou, Stelios and Kolios, Panayiotis and Theocharides, Theocharis and Panayiotou, Christos},
  journal   = {IEEe Potentials},
  volume    = {38},
  number    = {1},
  pages     = {30--36},
  year      = {2019},
  publisher = {IEEE}
}
@article{CUI2022135,
  author   = {崔唯佳 and 刘彤 and 田若宇},
  title    = {基于自然用户界面的无人机交互技术研究进展},
  journal  = {电子技术与软件工程},
  year     = {2022},
  number   = {14},
  pages    = {135-138},
  language = {chinese}
}
@article{seneviratne2017survey,
  title     = {A survey of wearable devices and challenges},
  author    = {Seneviratne, Suranga and Hu, Yining and Nguyen, Tham and Lan, Guohao and Khalifa, Sara and Thilakarathna, Kanchana and Hassan, Mahbub and Seneviratne, Aruna},
  journal   = {IEEE Communications Surveys \& Tutorials},
  volume    = {19},
  number    = {4},
  pages     = {2573--2620},
  year      = {2017},
  publisher = {IEEE}
}
@inproceedings{inoue2023birdviewar,
  title     = {Birdviewar: Surroundings-aware remote drone piloting using an augmented third-person perspective},
  author    = {Inoue, Maakito and Takashima, Kazuki and Fujita, Kazuyuki and Kitamura, Yoshifumi},
  booktitle = {Proceedings of the 2023 CHI Conference on Human Factors in Computing Systems},
  pages     = {1--19},
  year      = {2023}
}
@article{wu2024gesture,
  title   = {Gesture Recognition Based on Deep Learning: A Review.},
  author  = {Wu, Meng},
  journal = {EAI Endorsed Transactions on e-Learning},
  volume  = {10},
  year    = {2024}
}
@article{prasanth2023gesture,
  title     = {Gesture-based mouse control system based on MPU6050 and Kalman filter technique},
  author    = {Prasanth, Narayanan and Shrivastava, Kaustubh and Sharma, Abhishek and Basu, Aritri and Sinha, Ritwik A and Raja, SP},
  journal   = {International Journal of Intelligent Systems Technologies and Applications},
  volume    = {21},
  number    = {1},
  pages     = {56--71},
  year      = {2023},
  publisher = {Inderscience Publishers (IEL)}
}
@article{clement2021musical,
  title     = {Musical control gestures in mobile handheld devices: Design guidelines informed by daily user experience},
  author    = {Cl{\'e}ment, Alexandre and Moreira, Luciano and Rosa, Miriam and Bernardes, Gilberto},
  journal   = {Multimodal Technologies and Interaction},
  volume    = {5},
  number    = {7},
  pages     = {32},
  year      = {2021},
  publisher = {MDPI}
}
@misc{wiki:convolutional_neural_network,
  author = {{Wikipedia contributors}},
  title  = {Convolutional neural network --- {Wikipedia}{,} The Free Encyclopedia},
  year   = {2024},
  url    = {https://en.wikipedia.org/wiki/Convolutional_neural_network},
  note   = {[Online; accessed 2025-07-07]}
}
@article{karnerrealtime,
  title  = {Realtime IMU Based Gesture Recognition For Assistive Robots},
  author = {Karner, Elias and Butka, Brian and Hockley, Christopher}
}
@article{dahiya2024efficient,
  title     = {Efficient Hand Gesture Recognition using Artificial Intelligence and IMU based Wearable Device},
  author    = {Dahiya, Agastasya and Wadhwa, Dhruv and Katti, Rohan and Occhipinti, Luigi G},
  journal   = {IEEE Sensors Letters},
  year      = {2024},
  publisher = {IEEE}
}
@article{sakuma2022mlp,
  title   = {MLP-ASR: Sequence-length agnostic all-MLP architectures for speech recognition},
  author  = {Sakuma, Jin and Komatsu, Tatsuya and Scheibler, Robin},
  journal = {arXiv preprint arXiv:2202.08456},
  year    = {2022}
}
@article{elman1990finding,
  title     = {Finding structure in time},
  author    = {Elman, Jeffrey L},
  journal   = {Cognitive science},
  volume    = {14},
  number    = {2},
  pages     = {179--211},
  year      = {1990},
  publisher = {Wiley Online Library}
}
@article{hochreiter1997long,
  title     = {Long short-term memory},
  author    = {Hochreiter, Sepp and Schmidhuber, J{\"u}rgen},
  journal   = {Neural computation},
  volume    = {9},
  number    = {8},
  pages     = {1735--1780},
  year      = {1997},
  publisher = {MIT press}
}
@article{cho2014learning,
  title   = {Learning phrase representations using RNN encoder-decoder for statistical machine translation},
  author  = {Cho, Kyunghyun and Van Merri{\"e}nboer, Bart and Gulcehre, Caglar and Bahdanau, Dzmitry and Bougares, Fethi and Schwenk, Holger and Bengio, Yoshua},
  journal = {arXiv preprint arXiv:1406.1078},
  year    = {2014}
}
@article{jiang2022multi,
  title     = {Multi-category gesture recognition modeling based on sEMG and IMU signals},
  author    = {Jiang, Yujian and Song, Lin and Zhang, Junming and Song, Yang and Yan, Ming},
  journal   = {Sensors},
  volume    = {22},
  number    = {15},
  pages     = {5855},
  year      = {2022},
  publisher = {MDPI}
}
@inproceedings{chen2024bilstm,
  title        = {A BiLSTM and CTC Based Multi-Sensor Information Fusion Frame for Continuous Sign Language Recognition},
  author       = {Chen, Yuyuan and Li, Jie and Lin, Shifeng and Xu, Yuge and Yang, Chenguang},
  booktitle    = {2024 10th International Conference on Electrical Engineering, Control and Robotics (EECR)},
  pages        = {310--315},
  year         = {2024},
  organization = {IEEE}
}
@inproceedings{chen2024ultra,
  title        = {Ultra Write: A Lightweight Continuous Gesture Input System with Ultrasonic Signals on COTS Devices},
  author       = {Chen, Weiyu and Zheng, Canlin and He, Wenfeng and Zou, Yongpan and Wu, Kaishun},
  booktitle    = {2024 IEEE International Conference on Pervasive Computing and Communications (PerCom)},
  pages        = {174--183},
  year         = {2024},
  organization = {IEEE}
}
@article{li2022research,
  title     = {Research on continuous dynamic gesture recognition of chinese sign language based on multi-mode fusion},
  author    = {Li, Jinquan and Meng, Jiaojiao and Gong, Haijun and Fan, Zixuan},
  journal   = {IEEE Access},
  volume    = {10},
  pages     = {106946--106957},
  year      = {2022},
  publisher = {IEEE}
}
@inproceedings{kavarthapu2017hand,
  title        = {Hand gesture sequence recognition using inertial motion units (IMUs)},
  author       = {Kavarthapu, Dilip Chakravarthy and Mitra, Kaushik},
  booktitle    = {2017 4th IAPR Asian Conference on Pattern Recognition (ACPR)},
  pages        = {953--957},
  year         = {2017},
  organization = {Ieee}
}
@article{valarezo2021hand,
  title     = {Hand gesture recognition using single patchable six-axis inertial measurement unit via recurrent neural networks},
  author    = {Valarezo A{\~n}azco, Edwin and Han, Seung Ju and Kim, Kangil and Lopez, Patricio Rivera and Kim, Tae-Seong and Lee, Sangmin},
  journal   = {Sensors},
  volume    = {21},
  number    = {4},
  pages     = {1404},
  year      = {2021},
  publisher = {MDPI}
}
@article{qi2024computer,
  title     = {Computer vision-based hand gesture recognition for human-robot interaction: a review},
  author    = {Qi, Jing and Ma, Li and Cui, Zhenchao and Yu, Yushu},
  journal   = {Complex \& Intelligent Systems},
  volume    = {10},
  number    = {1},
  pages     = {1581--1606},
  year      = {2024},
  publisher = {Springer}
}
@article{sharma2021vision,
  title     = {Vision-based hand gesture recognition using deep learning for the interpretation of sign language},
  author    = {Sharma, Sakshi and Singh, Sukhwinder},
  journal   = {Expert Systems with Applications},
  volume    = {182},
  pages     = {115657},
  year      = {2021},
  publisher = {Elsevier}
}
@article{ji2024flexible,
  title     = {Flexible strain sensor-based data glove for gesture interaction in the metaverse: a review},
  author    = {Ji, Bowen and Wang, Xuanqi and Liang, Zekai and Zhang, Haoyang and Xia, Qianchen and Xie, Liang and Yan, Huijiong and Sun, Fanqi and Feng, Huicheng and Tao, Kai and others},
  journal   = {International Journal of Human--Computer Interaction},
  volume    = {40},
  number    = {21},
  pages     = {6793--6812},
  year      = {2024},
  publisher = {Taylor \& Francis}
}
@article{lu2024wearable,
  title     = {Wearable Human-machine Gesture Interaction Based on Fabric Piezoelectric Sensor},
  author    = {Lu, Yiming and Li, Zewen and Wang, Xinwang and Jiang, Jiashun and Zhu, Mingzhu and Xie, Mengying},
  journal   = {IEEE Sensors Journal},
  year      = {2024},
  publisher = {IEEE}
}
@article{li2022research,
  title     = {Research on continuous dynamic gesture recognition of chinese sign language based on multi-mode fusion},
  author    = {Li, Jinquan and Meng, Jiaojiao and Gong, Haijun and Fan, Zixuan},
  journal   = {IEEE Access},
  volume    = {10},
  pages     = {106946--106957},
  year      = {2022},
  publisher = {IEEE}
}
@article{yu2021surface,
  title     = {Surface EMG-based instantaneous hand gesture recognition using convolutional neural network with the transfer learning method},
  author    = {Yu, Zhipeng and Zhao, Jianghai and Wang, Yucheng and He, Linglong and Wang, Shaonan},
  journal   = {Sensors},
  volume    = {21},
  number    = {7},
  pages     = {2540},
  year      = {2021},
  publisher = {MDPI}
}
@article{wang2024continuous,
  title     = {Continuous Hand Gestures Detection and Recognition in Emergency Human-Robot Interaction Based on the Inertial Measurement Unit},
  author    = {Wang, Shaofan and Zhang, Tao and Li, Yuangan and Li, Pengjiao and Wu, Haopeng and Li, Ke},
  journal   = {IEEE Transactions on Instrumentation and Measurement},
  year      = {2024},
  publisher = {IEEE}
}
@article{jiang2022multi,
  title     = {Multi-category gesture recognition modeling based on sEMG and IMU signals},
  author    = {Jiang, Yujian and Song, Lin and Zhang, Junming and Song, Yang and Yan, Ming},
  journal   = {Sensors},
  volume    = {22},
  number    = {15},
  pages     = {5855},
  year      = {2022},
  publisher = {MDPI}
}
@inproceedings{chen2024bilstm,
  title        = {A BiLSTM and CTC Based Multi-Sensor Information Fusion Frame for Continuous Sign Language Recognition},
  author       = {Chen, Yuyuan and Li, Jie and Lin, Shifeng and Xu, Yuge and Yang, Chenguang},
  booktitle    = {2024 10th International Conference on Electrical Engineering, Control and Robotics (EECR)},
  pages        = {310--315},
  year         = {2024},
  organization = {IEEE}
}
@inproceedings{chen2024ultra,
  title        = {Ultra Write: A Lightweight Continuous Gesture Input System with Ultrasonic Signals on COTS Devices},
  author       = {Chen, Weiyu and Zheng, Canlin and He, Wenfeng and Zou, Yongpan and Wu, Kaishun},
  booktitle    = {2024 IEEE International Conference on Pervasive Computing and Communications (PerCom)},
  pages        = {174--183},
  year         = {2024},
  organization = {IEEE}
}
@inproceedings{kim2024transferable,
  title        = {Transferable Convolutional Neural Networks for IMU-based Motion Gesture Recognition in Human-Machine Interaction},
  author       = {Kim, Joonhyun and Lee, Jungsoo and Kim, Wansoo},
  booktitle    = {2024 24th International Conference on Control, Automation and Systems (ICCAS)},
  pages        = {61--66},
  year         = {2024},
  organization = {IEEE}
}
@article{li2022research,
  title     = {Research on continuous dynamic gesture recognition of chinese sign language based on multi-mode fusion},
  author    = {Li, Jinquan and Meng, Jiaojiao and Gong, Haijun and Fan, Zixuan},
  journal   = {IEEE Access},
  volume    = {10},
  pages     = {106946--106957},
  year      = {2022},
  publisher = {IEEE}
}
@inproceedings{kavarthapu2017hand,
  title        = {Hand gesture sequence recognition using inertial motion units (IMUs)},
  author       = {Kavarthapu, Dilip Chakravarthy and Mitra, Kaushik},
  booktitle    = {2017 4th IAPR Asian Conference on Pattern Recognition (ACPR)},
  pages        = {953--957},
  year         = {2017},
  organization = {Ieee}
}
@article{valarezo2021hand,
  title     = {Hand gesture recognition using single patchable six-axis inertial measurement unit via recurrent neural networks},
  author    = {Valarezo A{\~n}azco, Edwin and Han, Seung Ju and Kim, Kangil and Lopez, Patricio Rivera and Kim, Tae-Seong and Lee, Sangmin},
  journal   = {Sensors},
  volume    = {21},
  number    = {4},
  pages     = {1404},
  year      = {2021},
  publisher = {MDPI}
}
@article{wang2024continuous,
  title     = {Continuous Hand Gestures Detection and Recognition in Emergency Human-Robot Interaction Based on the Inertial Measurement Unit},
  author    = {Wang, Shaofan and Zhang, Tao and Li, Yuangan and Li, Pengjiao and Wu, Haopeng and Li, Ke},
  journal   = {IEEE Transactions on Instrumentation and Measurement},
  year      = {2024},
  publisher = {IEEE}
}
@inproceedings{graves2006connectionist,
  title     = {Connectionist temporal classification: labelling unsegmented sequence data with recurrent neural networks},
  author    = {Graves, Alex and Fern{\'a}ndez, Santiago and Gomez, Faustino and Schmidhuber, J{\"u}rgen},
  booktitle = {Proceedings of the 23rd international conference on Machine learning},
  pages     = {369--376},
  year      = {2006}
}
@inproceedings{d2020transformer,
  title        = {A transformer-based network for dynamic hand gesture recognition},
  author       = {D’Eusanio, Andrea and Simoni, Alessandro and Pini, Stefano and Borghi, Guido and Vezzani, Roberto and Cucchiara, Rita},
  booktitle    = {2020 International Conference on 3D Vision (3DV)},
  pages        = {623--632},
  year         = {2020},
  organization = {IEEE}
}
@article{vaswani2017attention,
  title   = {Attention is all you need},
  author  = {Vaswani, Ashish and Shazeer, Noam and Parmar, Niki and Uszkoreit, Jakob and Jones, Llion and Gomez, Aidan N and Kaiser, {\L}ukasz and Polosukhin, Illia},
  journal = {Advances in neural information processing systems},
  volume  = {30},
  year    = {2017}
}
@inproceedings{devlin2019bert,
  title     = {Bert: Pre-training of deep bidirectional transformers for language understanding},
  author    = {Devlin, Jacob and Chang, Ming-Wei and Lee, Kenton and Toutanova, Kristina},
  booktitle = {Proceedings of the 2019 conference of the North American chapter of the association for computational linguistics: human language technologies, volume 1 (long and short papers)},
  pages     = {4171--4186},
  year      = {2019}
}

@article{ng2001discriminative,
  title   = {On discriminative vs. generative classifiers: A comparison of logistic regression and naive bayes},
  author  = {Ng, Andrew and Jordan, Michael},
  journal = {Advances in neural information processing systems},
  volume  = {14},
  year    = {2001}
}

@inproceedings{xu2018lcanet,
  title        = {LCANet: End-to-end lipreading with cascaded attention-CTC},
  author       = {Xu, Kai and Li, Dawei and Cassimatis, Nick and Wang, Xiaolong},
  booktitle    = {2018 13th IEEE International Conference on Automatic Face \& Gesture Recognition (FG 2018)},
  pages        = {548--555},
  year         = {2018},
  organization = {IEEE}
}
@inproceedings{li2020key,
  title        = {Key action and joint ctc-attention based sign language recognition},
  author       = {Li, Haibo and Gao, Liqing and Han, Ruize and Wan, Liang and Feng, Wei},
  booktitle    = {ICASSP 2020-2020 IEEE International Conference on Acoustics, Speech and Signal Processing (ICASSP)},
  pages        = {2348--2352},
  year         = {2020},
  organization = {IEEE}
}
@inproceedings{lee2021intermediate,
  title        = {Intermediate loss regularization for ctc-based speech recognition},
  author       = {Lee, Jaesong and Watanabe, Shinji},
  booktitle    = {ICASSP 2021-2021 IEEE International Conference on Acoustics, Speech and Signal Processing (ICASSP)},
  pages        = {6224--6228},
  year         = {2021},
  organization = {IEEE}
}
@article{you2024linear,
  title   = {When linear attention meets autoregressive decoding: Towards more effective and efficient linearized large language models},
  author  = {You, Haoran and Fu, Yichao and Wang, Zheng and Yazdanbakhsh, Amir and Lin, Yingyan Celine},
  journal = {arXiv preprint arXiv:2406.07368},
  year    = {2024}
}
@inproceedings{kaneko2022transgesture,
  title     = {TransGesture: Autoregressive gesture generation with RNN-transducer},
  author    = {Kaneko, Naoshi and Mitsubayashi, Yuna and Mu, Geng},
  booktitle = {Proceedings of the 2022 International Conference on Multimodal Interaction},
  pages     = {753--757},
  year      = {2022}
}